%YAML 1.1
%TAG !u! tag:unity3d.com,2011:
--- !u!1 &6444762675854955510
GameObject:
  m_ObjectHideFlags: 0
  m_CorrespondingSourceObject: {fileID: 0}
  m_PrefabInstance: {fileID: 0}
  m_PrefabAsset: {fileID: 0}
  serializedVersion: 6
  m_Component:
  - component: {fileID: 6444762675854955511}
  - component: {fileID: 6444762675854955508}
  m_Layer: 0
  m_Name: Oculus
  m_TagString: Untagged
  m_Icon: {fileID: 0}
  m_NavMeshLayer: 0
  m_StaticEditorFlags: 0
  m_IsActive: 0
--- !u!4 &6444762675854955511
Transform:
  m_ObjectHideFlags: 0
  m_CorrespondingSourceObject: {fileID: 0}
  m_PrefabInstance: {fileID: 0}
  m_PrefabAsset: {fileID: 0}
  m_GameObject: {fileID: 6444762675854955510}
  m_LocalRotation: {x: 0, y: 0, z: 0, w: 1}
  m_LocalPosition: {x: 0, y: 0, z: 0}
  m_LocalScale: {x: 1, y: 1, z: 1}
  m_Children:
  - {fileID: 6444762676040340825}
  m_Father: {fileID: 6444762677308677387}
  m_RootOrder: 0
  m_LocalEulerAnglesHint: {x: 0, y: 0, z: 0}
--- !u!114 &6444762675854955508
MonoBehaviour:
  m_ObjectHideFlags: 0
  m_CorrespondingSourceObject: {fileID: 0}
  m_PrefabInstance: {fileID: 0}
  m_PrefabAsset: {fileID: 0}
  m_GameObject: {fileID: 6444762675854955510}
  m_Enabled: 1
  m_EditorHideFlags: 0
  m_Script: {fileID: 11500000, guid: eeda6d41317f444b900e374895f14e95, type: 3}
  m_Name: 
  m_EditorClassIdentifier: 
  autoPopulateObjectReferences: 1
  actualBoundaries: {fileID: 6444762676040239481}
  actualHeadset: {fileID: 6444762676040239487}
  actualLeftController: {fileID: 6444762676040246561}
  actualRightController: {fileID: 6444762676040250293}
  modelAliasLeftController: {fileID: 6446742681791279269}
  modelAliasRightController: {fileID: 6445736524070909043}
  cachedSystemSDKInfo:
    baseTypeName: VRTK.SDK_BaseSystem
    fallbackTypeName: VRTK.SDK_FallbackSystem
    typeName: VRTK.SDK_OculusSystem
    descriptionIndex: 0
  cachedBoundariesSDKInfo:
    baseTypeName: VRTK.SDK_BaseBoundaries
    fallbackTypeName: VRTK.SDK_FallbackBoundaries
    typeName: VRTK.SDK_OculusBoundaries
    descriptionIndex: 0
  cachedHeadsetSDKInfo:
    baseTypeName: VRTK.SDK_BaseHeadset
    fallbackTypeName: VRTK.SDK_FallbackHeadset
    typeName: VRTK.SDK_OculusHeadset
    descriptionIndex: 0
  cachedControllerSDKInfo:
    baseTypeName: VRTK.SDK_BaseController
    fallbackTypeName: VRTK.SDK_FallbackController
    typeName: VRTK.SDK_OculusController
    descriptionIndex: 0
--- !u!114 &291575665786971632
MonoBehaviour:
  m_ObjectHideFlags: 0
  m_CorrespondingSourceObject: {fileID: 0}
  m_PrefabInstance: {fileID: 0}
  m_PrefabAsset: {fileID: 0}
  m_GameObject: {fileID: 6444762676040239481}
  m_Enabled: 1
  m_EditorHideFlags: 0
  m_Script: {fileID: 11500000, guid: 8d330dfde327efc458c5f4c6b659d746, type: 3}
  m_Name: 
  m_EditorClassIdentifier: 
  teleportVolume: 0.5
  teleporterRef: {fileID: 0}
  TeleportSoundEvent: event:/Player/Teleport 2D
  ThrowSoundEvent: event:/Environment/Throw
  PhysicsHitSoundEvent: event:/Environment/Hit
  GrabSoundEvent: event:/Player/Grab 2D
  UIConfirmSoundEvent: event:/UI/Confirm
  UIErrorSoundEvent: event:/UI/Error
  PlayerHandEquipEvent: event:/Player/Hands/Equip
  PlayerHandUnequipEvent: event:/Player/Hands/Unequip
  PlayerShootEvent: event:/Player/Hands/Gun/More Sci Fi Gun Sound Effect
  PlayerShootHitEvent: event:/Player/Hands/Gun/Gun Hit
  PlayerShootRecallEvent: event:/Player/Hands/Gun/Recall
  PlayerCameraThrowEvent: event:/Player/Hands/Camera/Throw
  PlayerCameraLockEvent: event:/Player/Hands/Camera/Lock
  PlayerCameraExplodeEvent: event:/Player/Hands/Camera/Explode
  PlayerCameraINEvent: event:/Player/Hands/Camera/Camera Switch IN
  PlayerCameraOUTEvent: event:/Player/Hands/Camera/Camera Switch OUT
  PlayerDuckEvent: event:/Player/Hands/Duck/Duck 2D
  EnemyEvents:
  - event:/Robot/Voice Lines/Boop Beep
  - event:/Robot/Voice Lines/Destroy 3x
--- !u!1 &6444762677308677386
GameObject:
  m_ObjectHideFlags: 0
  m_CorrespondingSourceObject: {fileID: 0}
  m_PrefabInstance: {fileID: 0}
  m_PrefabAsset: {fileID: 0}
  serializedVersion: 6
  m_Component:
  - component: {fileID: 6444762677308677387}
  - component: {fileID: 6444762677308677384}
  m_Layer: 0
  m_Name: VRTK
  m_TagString: Untagged
  m_Icon: {fileID: 0}
  m_NavMeshLayer: 0
  m_StaticEditorFlags: 0
  m_IsActive: 1
--- !u!4 &6444762677308677387
Transform:
  m_ObjectHideFlags: 0
  m_CorrespondingSourceObject: {fileID: 0}
  m_PrefabInstance: {fileID: 0}
  m_PrefabAsset: {fileID: 0}
  m_GameObject: {fileID: 6444762677308677386}
  m_LocalRotation: {x: 0, y: 0, z: 0, w: 1}
  m_LocalPosition: {x: 0, y: 0, z: 0}
  m_LocalScale: {x: 1, y: 1, z: 1}
  m_Children:
  - {fileID: 6444762675854955511}
  m_Father: {fileID: 0}
  m_RootOrder: 0
  m_LocalEulerAnglesHint: {x: 0, y: 0, z: 0}
--- !u!114 &6444762677308677384
MonoBehaviour:
  m_ObjectHideFlags: 0
  m_CorrespondingSourceObject: {fileID: 0}
  m_PrefabInstance: {fileID: 0}
  m_PrefabAsset: {fileID: 0}
  m_GameObject: {fileID: 6444762677308677386}
  m_Enabled: 1
  m_EditorHideFlags: 0
  m_Script: {fileID: 11500000, guid: 5837af0260a118e4d808bfe0405429a1, type: 3}
  m_Name: 
  m_EditorClassIdentifier: 
  autoManageScriptDefines: 1
  activeScriptingDefineSymbolsWithoutSDKClasses: []
  scriptAliasLeftController: {fileID: 0}
  scriptAliasRightController: {fileID: 0}
  autoManageVRSettings: 1
  autoLoadSetup: 1
  setups:
  - {fileID: 6444762675854955508}
  - {fileID: 0}
  excludeTargetGroups: 1b0000001a000000
  persistOnLoad: 0
--- !u!1001 &6444762676040208349
PrefabInstance:
  m_ObjectHideFlags: 0
  serializedVersion: 2
  m_Modification:
    m_TransformParent: {fileID: 6444762675854955511}
    m_Modifications:
    - target: {fileID: 100004, guid: 126d619cf4daa52469682f85c1378b4a, type: 3}
      propertyPath: m_Name
      value: OVRCameraRig
      objectReference: {fileID: 0}
    - target: {fileID: 100004, guid: 126d619cf4daa52469682f85c1378b4a, type: 3}
      propertyPath: m_TagString
      value: Player
      objectReference: {fileID: 0}
    - target: {fileID: 400004, guid: 126d619cf4daa52469682f85c1378b4a, type: 3}
      propertyPath: m_LocalPosition.x
      value: 0
      objectReference: {fileID: 0}
    - target: {fileID: 400004, guid: 126d619cf4daa52469682f85c1378b4a, type: 3}
      propertyPath: m_LocalPosition.y
      value: 0
      objectReference: {fileID: 0}
    - target: {fileID: 400004, guid: 126d619cf4daa52469682f85c1378b4a, type: 3}
      propertyPath: m_LocalPosition.z
      value: 0
      objectReference: {fileID: 0}
    - target: {fileID: 400004, guid: 126d619cf4daa52469682f85c1378b4a, type: 3}
      propertyPath: m_LocalRotation.x
      value: 0
      objectReference: {fileID: 0}
    - target: {fileID: 400004, guid: 126d619cf4daa52469682f85c1378b4a, type: 3}
      propertyPath: m_LocalRotation.y
      value: 0
      objectReference: {fileID: 0}
    - target: {fileID: 400004, guid: 126d619cf4daa52469682f85c1378b4a, type: 3}
      propertyPath: m_LocalRotation.z
      value: 0
      objectReference: {fileID: 0}
    - target: {fileID: 400004, guid: 126d619cf4daa52469682f85c1378b4a, type: 3}
      propertyPath: m_LocalRotation.w
      value: 1
      objectReference: {fileID: 0}
    - target: {fileID: 400004, guid: 126d619cf4daa52469682f85c1378b4a, type: 3}
      propertyPath: m_RootOrder
      value: 0
      objectReference: {fileID: 0}
    - target: {fileID: 400004, guid: 126d619cf4daa52469682f85c1378b4a, type: 3}
      propertyPath: m_LocalEulerAnglesHint.x
      value: 0
      objectReference: {fileID: 0}
    - target: {fileID: 400004, guid: 126d619cf4daa52469682f85c1378b4a, type: 3}
      propertyPath: m_LocalEulerAnglesHint.y
      value: 0
      objectReference: {fileID: 0}
    - target: {fileID: 400004, guid: 126d619cf4daa52469682f85c1378b4a, type: 3}
      propertyPath: m_LocalEulerAnglesHint.z
      value: 0
      objectReference: {fileID: 0}
    - target: {fileID: 11400000, guid: 126d619cf4daa52469682f85c1378b4a, type: 3}
      propertyPath: _trackingOriginType
      value: 1
      objectReference: {fileID: 0}
    - target: {fileID: 114473266101150724, guid: 126d619cf4daa52469682f85c1378b4a,
        type: 3}
      propertyPath: resetHmdPoseOnRelease
      value: 1
      objectReference: {fileID: 0}
    m_RemovedComponents: []
  m_SourcePrefab: {fileID: 100100000, guid: 126d619cf4daa52469682f85c1378b4a, type: 3}
--- !u!1 &6444762676040239481 stripped
GameObject:
  m_CorrespondingSourceObject: {fileID: 100004, guid: 126d619cf4daa52469682f85c1378b4a,
    type: 3}
  m_PrefabInstance: {fileID: 6444762676040208349}
  m_PrefabAsset: {fileID: 0}
--- !u!4 &6444762676040340825 stripped
Transform:
  m_CorrespondingSourceObject: {fileID: 400004, guid: 126d619cf4daa52469682f85c1378b4a,
    type: 3}
  m_PrefabInstance: {fileID: 6444762676040208349}
  m_PrefabAsset: {fileID: 0}
--- !u!4 &6444762676040403995 stripped
Transform:
  m_CorrespondingSourceObject: {fileID: 459718, guid: 126d619cf4daa52469682f85c1378b4a,
    type: 3}
  m_PrefabInstance: {fileID: 6444762676040208349}
  m_PrefabAsset: {fileID: 0}
--- !u!1 &6444762676040239487 stripped
GameObject:
  m_CorrespondingSourceObject: {fileID: 100002, guid: 126d619cf4daa52469682f85c1378b4a,
    type: 3}
  m_PrefabInstance: {fileID: 6444762676040208349}
  m_PrefabAsset: {fileID: 0}
--- !u!1 &6444762676040246561 stripped
GameObject:
  m_CorrespondingSourceObject: {fileID: 109308, guid: 126d619cf4daa52469682f85c1378b4a,
    type: 3}
  m_PrefabInstance: {fileID: 6444762676040208349}
  m_PrefabAsset: {fileID: 0}
--- !u!1 &6446742681791279269 stripped
GameObject:
  m_CorrespondingSourceObject: {fileID: 1983321904398200, guid: 126d619cf4daa52469682f85c1378b4a,
    type: 3}
  m_PrefabInstance: {fileID: 6444762676040208349}
  m_PrefabAsset: {fileID: 0}
--- !u!1 &6444762676040250293 stripped
GameObject:
  m_CorrespondingSourceObject: {fileID: 113768, guid: 126d619cf4daa52469682f85c1378b4a,
    type: 3}
  m_PrefabInstance: {fileID: 6444762676040208349}
  m_PrefabAsset: {fileID: 0}
--- !u!1 &6445736524070909043 stripped
GameObject:
  m_CorrespondingSourceObject: {fileID: 1054112583220142, guid: 126d619cf4daa52469682f85c1378b4a,
    type: 3}
  m_PrefabInstance: {fileID: 6444762676040208349}
  m_PrefabAsset: {fileID: 0}
--- !u!1001 &6444762677251967547
PrefabInstance:
  m_ObjectHideFlags: 0
  serializedVersion: 2
  m_Modification:
    m_TransformParent: {fileID: 6444762676040403995}
    m_Modifications:
    - target: {fileID: 158226, guid: 84c8b8609f9bb434eaf5248f17ff1293, type: 3}
      propertyPath: m_Name
      value: LocalAvatar
      objectReference: {fileID: 0}
    - target: {fileID: 463470, guid: 84c8b8609f9bb434eaf5248f17ff1293, type: 3}
      propertyPath: m_LocalPosition.x
      value: 0
      objectReference: {fileID: 0}
    - target: {fileID: 463470, guid: 84c8b8609f9bb434eaf5248f17ff1293, type: 3}
      propertyPath: m_LocalPosition.y
      value: 0
      objectReference: {fileID: 0}
    - target: {fileID: 463470, guid: 84c8b8609f9bb434eaf5248f17ff1293, type: 3}
      propertyPath: m_LocalPosition.z
      value: 0
      objectReference: {fileID: 0}
    - target: {fileID: 463470, guid: 84c8b8609f9bb434eaf5248f17ff1293, type: 3}
      propertyPath: m_LocalRotation.x
      value: 0
      objectReference: {fileID: 0}
    - target: {fileID: 463470, guid: 84c8b8609f9bb434eaf5248f17ff1293, type: 3}
      propertyPath: m_LocalRotation.y
      value: 0
      objectReference: {fileID: 0}
    - target: {fileID: 463470, guid: 84c8b8609f9bb434eaf5248f17ff1293, type: 3}
      propertyPath: m_LocalRotation.z
      value: 0
      objectReference: {fileID: 0}
    - target: {fileID: 463470, guid: 84c8b8609f9bb434eaf5248f17ff1293, type: 3}
      propertyPath: m_LocalRotation.w
      value: 1
      objectReference: {fileID: 0}
    - target: {fileID: 463470, guid: 84c8b8609f9bb434eaf5248f17ff1293, type: 3}
      propertyPath: m_RootOrder
      value: 6
      objectReference: {fileID: 0}
    - target: {fileID: 463470, guid: 84c8b8609f9bb434eaf5248f17ff1293, type: 3}
      propertyPath: m_LocalEulerAnglesHint.x
      value: 0
      objectReference: {fileID: 0}
    - target: {fileID: 463470, guid: 84c8b8609f9bb434eaf5248f17ff1293, type: 3}
      propertyPath: m_LocalEulerAnglesHint.y
      value: 0
      objectReference: {fileID: 0}
    - target: {fileID: 463470, guid: 84c8b8609f9bb434eaf5248f17ff1293, type: 3}
      propertyPath: m_LocalEulerAnglesHint.z
      value: 0
      objectReference: {fileID: 0}
    - target: {fileID: 11437430, guid: 84c8b8609f9bb434eaf5248f17ff1293, type: 3}
      propertyPath: EnableHands
      value: 0
      objectReference: {fileID: 0}
    - target: {fileID: 11437430, guid: 84c8b8609f9bb434eaf5248f17ff1293, type: 3}
      propertyPath: ShowThirdPerson
      value: 0
      objectReference: {fileID: 0}
    - target: {fileID: 11437430, guid: 84c8b8609f9bb434eaf5248f17ff1293, type: 3}
      propertyPath: ShowFirstPerson
      value: 1
      objectReference: {fileID: 0}
    - target: {fileID: 11437430, guid: 84c8b8609f9bb434eaf5248f17ff1293, type: 3}
      propertyPath: EnableBase
      value: 1
      objectReference: {fileID: 0}
    m_RemovedComponents: []
  m_SourcePrefab: {fileID: 100100000, guid: 84c8b8609f9bb434eaf5248f17ff1293, type: 3}
