%YAML 1.1
%TAG !u! tag:unity3d.com,2011:
--- !u!114 &-8632877233803287249
MonoBehaviour:
  m_ObjectHideFlags: 0
  m_CorrespondingSourceObject: {fileID: 0}
  m_PrefabInstance: {fileID: 0}
  m_PrefabAsset: {fileID: 0}
  m_GameObject: {fileID: 0}
  m_Enabled: 1
  m_EditorHideFlags: 0
  m_Script: {fileID: 11500000, guid: ceb653cd98e289a4e8697a1af55201f2, type: 3}
  m_Name: event:/Environment/SciFi/SpaceShip Ascent
  m_EditorClassIdentifier: 
  Path: event:/Environment/SciFi/SpaceShip Ascent
  guid: b93cd0f041c0184b95e23d5b190daa65
  Banks:
  - {fileID: 5210117903546219903}
  IsStream: 1
  Is3D: 1
  IsOneShot: 1
  Parameters: []
  MinDistance: 1
  MaxDistance: 20
  Length: 11771
--- !u!114 &-8269667623885460944
MonoBehaviour:
  m_ObjectHideFlags: 0
  m_CorrespondingSourceObject: {fileID: 0}
  m_PrefabInstance: {fileID: 0}
  m_PrefabAsset: {fileID: 0}
  m_GameObject: {fileID: 0}
  m_Enabled: 1
  m_EditorHideFlags: 0
  m_Script: {fileID: 11500000, guid: ceb653cd98e289a4e8697a1af55201f2, type: 3}
  m_Name: event:/Robot/Voice Lines/Boop Beep
  m_EditorClassIdentifier: 
  Path: event:/Robot/Voice Lines/Boop Beep
  guid: 26314e0a58287347a63b7dc1ff6fa270
  Banks:
  - {fileID: 5210117903546219903}
  IsStream: 0
  Is3D: 1
  IsOneShot: 1
  Parameters: []
  MinDistance: 1
  MaxDistance: 20
  Length: 1099
--- !u!114 &-7622210561273229723
MonoBehaviour:
  m_ObjectHideFlags: 0
  m_CorrespondingSourceObject: {fileID: 0}
  m_PrefabInstance: {fileID: 0}
  m_PrefabAsset: {fileID: 0}
  m_GameObject: {fileID: 0}
  m_Enabled: 1
  m_EditorHideFlags: 0
  m_Script: {fileID: 11500000, guid: ceb653cd98e289a4e8697a1af55201f2, type: 3}
  m_Name: event:/Environment/SciFi/Ambience Sci Fi Circuits
  m_EditorClassIdentifier: 
  Path: event:/Environment/SciFi/Ambience Sci Fi Circuits
  guid: 2ffcefb8c6e82c4687cebc06e9d3cd7b
  Banks:
  - {fileID: 5210117903546219903}
  IsStream: 1
  Is3D: 1
  IsOneShot: 0
  Parameters: []
  MinDistance: 1
  MaxDistance: 20
  Length: 27000
--- !u!114 &-7295149712676819211
MonoBehaviour:
  m_ObjectHideFlags: 0
  m_CorrespondingSourceObject: {fileID: 0}
  m_PrefabInstance: {fileID: 0}
  m_PrefabAsset: {fileID: 0}
  m_GameObject: {fileID: 0}
  m_Enabled: 1
  m_EditorHideFlags: 0
  m_Script: {fileID: 11500000, guid: ceb653cd98e289a4e8697a1af55201f2, type: 3}
  m_Name: event:/Outro
  m_EditorClassIdentifier: 
  Path: event:/Outro
  guid: 09b74353548b4d4e86c8b3fbb0e87205
  Banks:
  - {fileID: 5210117903546219903}
  IsStream: 1
  Is3D: 1
  IsOneShot: 1
  Parameters: []
  MinDistance: 1
  MaxDistance: 20
  Length: 62287
--- !u!114 &-7176937873505577375
MonoBehaviour:
  m_ObjectHideFlags: 0
  m_CorrespondingSourceObject: {fileID: 0}
  m_PrefabInstance: {fileID: 0}
  m_PrefabAsset: {fileID: 0}
  m_GameObject: {fileID: 0}
  m_Enabled: 1
  m_EditorHideFlags: 0
  m_Script: {fileID: 11500000, guid: ceb653cd98e289a4e8697a1af55201f2, type: 3}
  m_Name: event:/Music/Backbay Lounge
  m_EditorClassIdentifier: 
  Path: event:/Music/Backbay Lounge
  guid: bc1c27d752a63149bdcc73e2f1787cd5
  Banks:
  - {fileID: 5210117903546219903}
  IsStream: 1
  Is3D: 1
  IsOneShot: 0
  Parameters: []
  MinDistance: 0
  MaxDistance: 60
  Length: 266553
--- !u!114 &-7156687133467263627
MonoBehaviour:
  m_ObjectHideFlags: 0
  m_CorrespondingSourceObject: {fileID: 0}
  m_PrefabInstance: {fileID: 0}
  m_PrefabAsset: {fileID: 0}
  m_GameObject: {fileID: 0}
  m_Enabled: 1
  m_EditorHideFlags: 0
  m_Script: {fileID: 11500000, guid: ceb653cd98e289a4e8697a1af55201f2, type: 3}
  m_Name: event:/Environment/Industrial/Conveyor
  m_EditorClassIdentifier: 
  Path: event:/Environment/Industrial/Conveyor
  guid: 09804712e0a4d449934b2b45e8d105f8
  Banks:
  - {fileID: 5210117903546219903}
  IsStream: 1
  Is3D: 1
  IsOneShot: 0
  Parameters: []
  MinDistance: 1
  MaxDistance: 20
  Length: 28500
--- !u!114 &-7046509171711290687
MonoBehaviour:
  m_ObjectHideFlags: 0
  m_CorrespondingSourceObject: {fileID: 0}
  m_PrefabInstance: {fileID: 0}
  m_PrefabAsset: {fileID: 0}
  m_GameObject: {fileID: 0}
  m_Enabled: 1
  m_EditorHideFlags: 0
  m_Script: {fileID: 11500000, guid: ceb653cd98e289a4e8697a1af55201f2, type: 3}
  m_Name: event:/Bot/Bot Wake Up
  m_EditorClassIdentifier: 
  Path: event:/Bot/Bot Wake Up
  guid: b7690618b4415847a0d61230f224942d
  Banks:
  - {fileID: 5210117903546219903}
  IsStream: 0
  Is3D: 1
  IsOneShot: 1
  Parameters: []
  MinDistance: 1
  MaxDistance: 20
  Length: 1878
--- !u!114 &-6828503035698652782
MonoBehaviour:
  m_ObjectHideFlags: 0
  m_CorrespondingSourceObject: {fileID: 0}
  m_PrefabInstance: {fileID: 0}
  m_PrefabAsset: {fileID: 0}
  m_GameObject: {fileID: 0}
  m_Enabled: 1
  m_EditorHideFlags: 0
  m_Script: {fileID: 11500000, guid: ceb653cd98e289a4e8697a1af55201f2, type: 3}
  m_Name: event:/Environment/SciFi/Abstract Heavy Sci Fi Atmo
  m_EditorClassIdentifier: 
  Path: event:/Environment/SciFi/Abstract Heavy Sci Fi Atmo
  guid: 74be6931446f2d46ad3791604b6db752
  Banks:
  - {fileID: 5210117903546219903}
  IsStream: 1
  Is3D: 1
  IsOneShot: 1
  Parameters: []
  MinDistance: 1
  MaxDistance: 20
  Length: 17532
--- !u!114 &-6815856476756908185
MonoBehaviour:
  m_ObjectHideFlags: 0
  m_CorrespondingSourceObject: {fileID: 0}
  m_PrefabInstance: {fileID: 0}
  m_PrefabAsset: {fileID: 0}
  m_GameObject: {fileID: 0}
  m_Enabled: 1
  m_EditorHideFlags: 0
  m_Script: {fileID: 11500000, guid: ceb653cd98e289a4e8697a1af55201f2, type: 3}
  m_Name: event:/Player/Hands/Gun/Bullet Impact Realistic Wall
  m_EditorClassIdentifier: 
  Path: event:/Player/Hands/Gun/Bullet Impact Realistic Wall
  guid: fba28ac70222984886f436121c472f66
  Banks:
  - {fileID: 5210117903546219903}
  IsStream: 0
  Is3D: 0
  IsOneShot: 1
  Parameters: []
  MinDistance: 0
  MaxDistance: 0
  Length: 500
--- !u!114 &-5888821357359622169
MonoBehaviour:
  m_ObjectHideFlags: 0
  m_CorrespondingSourceObject: {fileID: 0}
  m_PrefabInstance: {fileID: 0}
  m_PrefabAsset: {fileID: 0}
  m_GameObject: {fileID: 0}
  m_Enabled: 1
  m_EditorHideFlags: 0
  m_Script: {fileID: 11500000, guid: ceb653cd98e289a4e8697a1af55201f2, type: 3}
  m_Name: event:/Player/Hands/Gun/Silenced Gun Sound Effect
  m_EditorClassIdentifier: 
  Path: event:/Player/Hands/Gun/Silenced Gun Sound Effect
  guid: 82b810b9af179d46aa3ce2eb166cbe98
  Banks:
  - {fileID: 5210117903546219903}
  IsStream: 0
  Is3D: 1
  IsOneShot: 1
  Parameters: []
  MinDistance: 1
  MaxDistance: 20
  Length: 350
--- !u!114 &-5459000655532068993
MonoBehaviour:
  m_ObjectHideFlags: 0
  m_CorrespondingSourceObject: {fileID: 0}
  m_PrefabInstance: {fileID: 0}
  m_PrefabAsset: {fileID: 0}
  m_GameObject: {fileID: 0}
  m_Enabled: 1
  m_EditorHideFlags: 0
  m_Script: {fileID: 11500000, guid: ceb653cd98e289a4e8697a1af55201f2, type: 3}
  m_Name: event:/Robot/Voice Lines/Walking Funny Lately
  m_EditorClassIdentifier: 
  Path: event:/Robot/Voice Lines/Walking Funny Lately
  guid: 0d1eaad35c40074db9b9d98ed680fc20
  Banks:
  - {fileID: 5210117903546219903}
  IsStream: 0
  Is3D: 1
  IsOneShot: 1
  Parameters: []
  MinDistance: 1
  MaxDistance: 20
  Length: 5785
--- !u!114 &-4882904986850433412
MonoBehaviour:
  m_ObjectHideFlags: 0
  m_CorrespondingSourceObject: {fileID: 0}
  m_PrefabInstance: {fileID: 0}
  m_PrefabAsset: {fileID: 0}
  m_GameObject: {fileID: 0}
  m_Enabled: 1
  m_EditorHideFlags: 0
  m_Script: {fileID: 11500000, guid: ceb653cd98e289a4e8697a1af55201f2, type: 3}
  m_Name: event:/Music/Night in Venice
  m_EditorClassIdentifier: 
  Path: event:/Music/Night in Venice
  guid: e7b13231e1cef94bb3a2c8e13b8ac904
  Banks:
  - {fileID: 5210117903546219903}
  IsStream: 1
  Is3D: 1
  IsOneShot: 1
  Parameters: []
  MinDistance: 1
  MaxDistance: 20
  Length: 218148
--- !u!114 &-4661339350824822531
MonoBehaviour:
  m_ObjectHideFlags: 0
  m_CorrespondingSourceObject: {fileID: 0}
  m_PrefabInstance: {fileID: 0}
  m_PrefabAsset: {fileID: 0}
  m_GameObject: {fileID: 0}
  m_Enabled: 1
  m_EditorHideFlags: 0
  m_Script: {fileID: 11500000, guid: ceb653cd98e289a4e8697a1af55201f2, type: 3}
  m_Name: event:/Music/Crinoline Dreams
  m_EditorClassIdentifier: 
  Path: event:/Music/Crinoline Dreams
  guid: 7ceafc3578dcdc4faeb753fbee391617
  Banks:
  - {fileID: 5210117903546219903}
  IsStream: 1
  Is3D: 1
  IsOneShot: 0
  Parameters: []
  MinDistance: 1
  MaxDistance: 25
  Length: 246439
--- !u!114 &-4068350358137117905
MonoBehaviour:
  m_ObjectHideFlags: 0
  m_CorrespondingSourceObject: {fileID: 0}
  m_PrefabInstance: {fileID: 0}
  m_PrefabAsset: {fileID: 0}
  m_GameObject: {fileID: 0}
  m_Enabled: 1
  m_EditorHideFlags: 0
  m_Script: {fileID: 11500000, guid: ceb653cd98e289a4e8697a1af55201f2, type: 3}
  m_Name: event:/Player/Hands/Camera/Camera Switch OUT
  m_EditorClassIdentifier: 
  Path: event:/Player/Hands/Camera/Camera Switch OUT
  guid: afc4abdaed3ebe4db29d6a1758bbd885
  Banks:
  - {fileID: 5210117903546219903}
  IsStream: 0
  Is3D: 0
  IsOneShot: 1
  Parameters: []
  MinDistance: 0
  MaxDistance: 0
  Length: 519
--- !u!114 &-3595242532303140909
MonoBehaviour:
  m_ObjectHideFlags: 0
  m_CorrespondingSourceObject: {fileID: 0}
  m_PrefabInstance: {fileID: 0}
  m_PrefabAsset: {fileID: 0}
  m_GameObject: {fileID: 0}
  m_Enabled: 1
  m_EditorHideFlags: 0
  m_Script: {fileID: 11500000, guid: ceb653cd98e289a4e8697a1af55201f2, type: 3}
  m_Name: event:/Player/Hands/Unequip
  m_EditorClassIdentifier: 
  Path: event:/Player/Hands/Unequip
  guid: b49ad4400a08cb438c3917d81bf00f8d
  Banks:
  - {fileID: 5210117903546219903}
  IsStream: 0
  Is3D: 1
  IsOneShot: 1
  Parameters: []
  MinDistance: 1
  MaxDistance: 20
  Length: 100
--- !u!114 &-3541083405569373570
MonoBehaviour:
  m_ObjectHideFlags: 0
  m_CorrespondingSourceObject: {fileID: 0}
  m_PrefabInstance: {fileID: 0}
  m_PrefabAsset: {fileID: 0}
  m_GameObject: {fileID: 0}
  m_Enabled: 1
  m_EditorHideFlags: 0
  m_Script: {fileID: 11500000, guid: ceb653cd98e289a4e8697a1af55201f2, type: 3}
  m_Name: event:/Environment/SciFi/SpaceShip FlyBy
  m_EditorClassIdentifier: 
  Path: event:/Environment/SciFi/SpaceShip FlyBy
  guid: 097dd6237999a34994f43bee91a3b367
  Banks:
  - {fileID: 5210117903546219903}
  IsStream: 1
  Is3D: 1
  IsOneShot: 1
  Parameters: []
  MinDistance: 1
  MaxDistance: 20
  Length: 10128
--- !u!114 &-3385830420088483928
MonoBehaviour:
  m_ObjectHideFlags: 0
  m_CorrespondingSourceObject: {fileID: 0}
  m_PrefabInstance: {fileID: 0}
  m_PrefabAsset: {fileID: 0}
  m_GameObject: {fileID: 0}
  m_Enabled: 1
  m_EditorHideFlags: 0
  m_Script: {fileID: 11500000, guid: ceb653cd98e289a4e8697a1af55201f2, type: 3}
  m_Name: event:/Robot/Voice Lines/Destroy 3x
  m_EditorClassIdentifier: 
  Path: event:/Robot/Voice Lines/Destroy 3x
  guid: 4cd0c9b0b210b54a9372156c5b0aff6c
  Banks:
  - {fileID: 5210117903546219903}
  IsStream: 0
  Is3D: 1
  IsOneShot: 1
  Parameters: []
  MinDistance: 1
  MaxDistance: 20
  Length: 6073
--- !u!114 &-3031873389464186293
MonoBehaviour:
  m_ObjectHideFlags: 0
  m_CorrespondingSourceObject: {fileID: 0}
  m_PrefabInstance: {fileID: 0}
  m_PrefabAsset: {fileID: 0}
  m_GameObject: {fileID: 0}
  m_Enabled: 1
  m_EditorHideFlags: 0
  m_Script: {fileID: 11500000, guid: ceb653cd98e289a4e8697a1af55201f2, type: 3}
  m_Name: event:/UI/Accent,Interface,UI,Data,Chatter,Clean,Crystal,Low Gain +0.0dB
    [b4ebab3e]
  m_EditorClassIdentifier: 
  Path: event:/UI/Accent,Interface,UI,Data,Chatter,Clean,Crystal,Low Gain +0.0dB
    [b4ebab3e]
  guid: 50deefc6855b4f448596c22209845ea1
  Banks:
  - {fileID: 5210117903546219903}
  IsStream: 0
  Is3D: 1
  IsOneShot: 1
  Parameters: []
  MinDistance: 1
  MaxDistance: 20
  Length: 908
--- !u!114 &-2903307990502392906
MonoBehaviour:
  m_ObjectHideFlags: 0
  m_CorrespondingSourceObject: {fileID: 0}
  m_PrefabInstance: {fileID: 0}
  m_PrefabAsset: {fileID: 0}
  m_GameObject: {fileID: 0}
  m_Enabled: 1
  m_EditorHideFlags: 0
  m_Script: {fileID: 11500000, guid: ceb653cd98e289a4e8697a1af55201f2, type: 3}
  m_Name: event:/Player/Hands/Equip
  m_EditorClassIdentifier: 
  Path: event:/Player/Hands/Equip
  guid: 7ec53d2fa6c1af499c981eb26911f654
  Banks:
  - {fileID: 5210117903546219903}
  IsStream: 0
  Is3D: 1
  IsOneShot: 1
  Parameters: []
  MinDistance: 1
  MaxDistance: 20
  Length: 312
--- !u!114 &-2132018660932411011
MonoBehaviour:
  m_ObjectHideFlags: 0
  m_CorrespondingSourceObject: {fileID: 0}
  m_PrefabInstance: {fileID: 0}
  m_PrefabAsset: {fileID: 0}
  m_GameObject: {fileID: 0}
  m_Enabled: 1
  m_EditorHideFlags: 0
  m_Script: {fileID: 11500000, guid: ceb653cd98e289a4e8697a1af55201f2, type: 3}
  m_Name: event:/Environment/SciFi/3D Printer Beep Boop
  m_EditorClassIdentifier: 
  Path: event:/Environment/SciFi/3D Printer Beep Boop
  guid: 67428a279fb74e42ab0db7c3e7ea637f
  Banks:
  - {fileID: 5210117903546219903}
  IsStream: 1
  Is3D: 1
  IsOneShot: 0
  Parameters: []
  MinDistance: 1
  MaxDistance: 20
  Length: 45025
--- !u!114 &-2104715827754748446
MonoBehaviour:
  m_ObjectHideFlags: 0
  m_CorrespondingSourceObject: {fileID: 0}
  m_PrefabInstance: {fileID: 0}
  m_PrefabAsset: {fileID: 0}
  m_GameObject: {fileID: 0}
  m_Enabled: 1
  m_EditorHideFlags: 0
  m_Script: {fileID: 11500000, guid: ceb653cd98e289a4e8697a1af55201f2, type: 3}
  m_Name: event:/Player/Hands/Camera/Explode
  m_EditorClassIdentifier: 
  Path: event:/Player/Hands/Camera/Explode
  guid: 4e44b99aba183643aff56c50a1cf95b0
  Banks:
  - {fileID: 5210117903546219903}
  IsStream: 0
  Is3D: 1
  IsOneShot: 1
  Parameters: []
  MinDistance: 1
  MaxDistance: 20
  Length: 1000
--- !u!114 &-1961860380557598104
MonoBehaviour:
  m_ObjectHideFlags: 0
  m_CorrespondingSourceObject: {fileID: 0}
  m_PrefabInstance: {fileID: 0}
  m_PrefabAsset: {fileID: 0}
  m_GameObject: {fileID: 0}
  m_Enabled: 1
  m_EditorHideFlags: 0
  m_Script: {fileID: 11500000, guid: ceb653cd98e289a4e8697a1af55201f2, type: 3}
  m_Name: event:/Player/Hands/Camera/Lock
  m_EditorClassIdentifier: 
  Path: event:/Player/Hands/Camera/Lock
  guid: 025c8a35efc2d64a81daded21261829f
  Banks:
  - {fileID: 5210117903546219903}
  IsStream: 0
  Is3D: 1
  IsOneShot: 1
  Parameters: []
  MinDistance: 1
  MaxDistance: 20
  Length: 800
--- !u!114 &-1839925132065360304
MonoBehaviour:
  m_ObjectHideFlags: 0
  m_CorrespondingSourceObject: {fileID: 0}
  m_PrefabInstance: {fileID: 0}
  m_PrefabAsset: {fileID: 0}
  m_GameObject: {fileID: 0}
  m_Enabled: 1
  m_EditorHideFlags: 0
  m_Script: {fileID: 11500000, guid: ceb653cd98e289a4e8697a1af55201f2, type: 3}
  m_Name: event:/Interface/UI Confirm
  m_EditorClassIdentifier: 
  Path: event:/Interface/UI Confirm
  guid: 139cb21c6e215e46ad569e2ef579c537
  Banks:
  - {fileID: 5210117903546219903}
  IsStream: 0
  Is3D: 1
  IsOneShot: 1
  Parameters: []
  MinDistance: 1
  MaxDistance: 20
  Length: 2889
--- !u!114 &-1513847518984501674
MonoBehaviour:
  m_ObjectHideFlags: 0
  m_CorrespondingSourceObject: {fileID: 0}
  m_PrefabInstance: {fileID: 0}
  m_PrefabAsset: {fileID: 0}
  m_GameObject: {fileID: 0}
  m_Enabled: 1
  m_EditorHideFlags: 0
  m_Script: {fileID: 11500000, guid: ceb653cd98e289a4e8697a1af55201f2, type: 3}
  m_Name: event:/Environment/Industrial/Industrial Ambient
  m_EditorClassIdentifier: 
  Path: event:/Environment/Industrial/Industrial Ambient
  guid: 06a8d003829b4c4f940b92447b4c92f7
  Banks:
  - {fileID: 5210117903546219903}
  IsStream: 0
  Is3D: 1
  IsOneShot: 0
  Parameters: []
  MinDistance: 1
  MaxDistance: 40
  Length: 3157
--- !u!114 &-1235012648786655881
MonoBehaviour:
  m_ObjectHideFlags: 0
  m_CorrespondingSourceObject: {fileID: 0}
  m_PrefabInstance: {fileID: 0}
  m_PrefabAsset: {fileID: 0}
  m_GameObject: {fileID: 0}
  m_Enabled: 1
  m_EditorHideFlags: 0
  m_Script: {fileID: 11500000, guid: ceb653cd98e289a4e8697a1af55201f2, type: 3}
  m_Name: event:/Environment/Industrial/ConveyorBelt
  m_EditorClassIdentifier: 
  Path: event:/Environment/Industrial/ConveyorBelt
  guid: 2845fab56a1303478744e83ebd1f3036
  Banks:
  - {fileID: 5210117903546219903}
  IsStream: 1
  Is3D: 1
  IsOneShot: 0
  Parameters: []
  MinDistance: 1
  MaxDistance: 50
  Length: 56149
--- !u!114 &-786010027828558755
MonoBehaviour:
  m_ObjectHideFlags: 0
  m_CorrespondingSourceObject: {fileID: 0}
  m_PrefabInstance: {fileID: 0}
  m_PrefabAsset: {fileID: 0}
  m_GameObject: {fileID: 0}
  m_Enabled: 1
  m_EditorHideFlags: 0
  m_Script: {fileID: 11500000, guid: ceb653cd98e289a4e8697a1af55201f2, type: 3}
  m_Name: event:/Player/Hands/Gun/More Sci Fi Gun Sound Effect
  m_EditorClassIdentifier: 
  Path: event:/Player/Hands/Gun/More Sci Fi Gun Sound Effect
  guid: db70c9d9353ee64b910cba41f28f993d
  Banks:
  - {fileID: 5210117903546219903}
  IsStream: 0
  Is3D: 1
  IsOneShot: 1
  Parameters: []
  MinDistance: 1
  MaxDistance: 20
  Length: 680
--- !u!114 &-374315912741924984
MonoBehaviour:
  m_ObjectHideFlags: 0
  m_CorrespondingSourceObject: {fileID: 0}
  m_PrefabInstance: {fileID: 0}
  m_PrefabAsset: {fileID: 0}
  m_GameObject: {fileID: 0}
  m_Enabled: 1
  m_EditorHideFlags: 0
  m_Script: {fileID: 11500000, guid: ceb653cd98e289a4e8697a1af55201f2, type: 3}
  m_Name: event:/Player/Hands/Duck/Duck 3D
  m_EditorClassIdentifier: 
  Path: event:/Player/Hands/Duck/Duck 3D
  guid: 44a45c932516ae4ea64fc80b58a23c1d
  Banks:
  - {fileID: 5210117903546219903}
  IsStream: 0
  Is3D: 1
  IsOneShot: 1
  Parameters: []
  MinDistance: 1
  MaxDistance: 20
  Length: 200
--- !u!114 &11400000
MonoBehaviour:
  m_ObjectHideFlags: 0
  m_CorrespondingSourceObject: {fileID: 0}
  m_PrefabInstance: {fileID: 0}
  m_PrefabAsset: {fileID: 0}
  m_GameObject: {fileID: 0}
  m_Enabled: 1
  m_EditorHideFlags: 0
  m_Script: {fileID: 11500000, guid: d32cf7c32a3ed8347bac48ef5ed56d82, type: 3}
  m_Name: FMODStudioCache
  m_EditorClassIdentifier: 
  EditorBanks:
  - {fileID: 8353939019260348599}
  - {fileID: 5210117903546219903}
  EditorEvents:
  - {fileID: -1961860380557598104}
  - {fileID: -1513847518984501674}
  - {fileID: 4695958275036619767}
  - {fileID: 5006366425765638644}
  - {fileID: -3541083405569373570}
  - {fileID: -7156687133467263627}
  - {fileID: -7295149712676819211}
  - {fileID: -5459000655532068993}
  - {fileID: -1839925132065360304}
  - {fileID: 3346755464262455809}
  - {fileID: 4292248983158872026}
  - {fileID: 3934318099716009377}
  - {fileID: -8269667623885460944}
  - {fileID: -1235012648786655881}
  - {fileID: 6431826412699029630}
  - {fileID: -7622210561273229723}
  - {fileID: 3326880608829841078}
  - {fileID: -374315912741924984}
  - {fileID: -3385830420088483928}
  - {fileID: -2104715827754748446}
  - {fileID: -3031873389464186293}
  - {fileID: 3299729015617707677}
  - {fileID: 3465710762188095676}
  - {fileID: 4224434891183207593}
  - {fileID: 4721694819622824086}
  - {fileID: -2132018660932411011}
  - {fileID: 3300351179422789001}
  - {fileID: -6828503035698652782}
  - {fileID: -4661339350824822531}
  - {fileID: -2903307990502392906}
  - {fileID: -5888821357359622169}
  - {fileID: 5876394856614286355}
  - {fileID: 6419730993076875436}
  - {fileID: 528356961196666165}
  - {fileID: 8353466374614765201}
  - {fileID: 6973502878714437515}
  - {fileID: 7544990870587763687}
  - {fileID: 3153679023020187984}
  - {fileID: -4068350358137117905}
  - {fileID: 6443214782717246307}
  - {fileID: -3595242532303140909}
  - {fileID: -7046509171711290687}
  - {fileID: -8632877233803287249}
  - {fileID: -7176937873505577375}
  - {fileID: 8079930152257360237}
  - {fileID: -786010027828558755}
  - {fileID: 4435185063871595044}
  - {fileID: 4698572077397753411}
  - {fileID: 8187045284128977145}
  - {fileID: 3720731478780674009}
  - {fileID: 2361125812516828409}
  - {fileID: -4882904986850433412}
  - {fileID: 6789809782924966438}
  - {fileID: 4080504797297914551}
  - {fileID: 9044042723019112319}
  - {fileID: 6598460470152825504}
  - {fileID: 7303519249508139536}
  - {fileID: -6815856476756908185}
  - {fileID: 3781790292683319812}
  - {fileID: 8357252636355260263}
  EditorParameters: []
  MasterBanks:
  - {fileID: 5210117903546219903}
  StringsBanks:
  - {fileID: 8353939019260348599}
  stringsBankWriteTime: 637253320224593020
  cacheVersion: 3
--- !u!114 &528356961196666165
MonoBehaviour:
  m_ObjectHideFlags: 0
  m_CorrespondingSourceObject: {fileID: 0}
  m_PrefabInstance: {fileID: 0}
  m_PrefabAsset: {fileID: 0}
  m_GameObject: {fileID: 0}
  m_Enabled: 1
  m_EditorHideFlags: 0
  m_Script: {fileID: 11500000, guid: ceb653cd98e289a4e8697a1af55201f2, type: 3}
  m_Name: event:/Player/Hands/Gun/Gun Hit
  m_EditorClassIdentifier: 
  Path: event:/Player/Hands/Gun/Gun Hit
  guid: 959f07262fba2c44b14920be40ac7659
  Banks:
  - {fileID: 5210117903546219903}
  IsStream: 0
  Is3D: 1
  IsOneShot: 1
  Parameters: []
  MinDistance: 1
  MaxDistance: 20
  Length: 500
--- !u!114 &2361125812516828409
MonoBehaviour:
  m_ObjectHideFlags: 0
  m_CorrespondingSourceObject: {fileID: 0}
  m_PrefabInstance: {fileID: 0}
  m_PrefabAsset: {fileID: 0}
  m_GameObject: {fileID: 0}
  m_Enabled: 1
  m_EditorHideFlags: 0
  m_Script: {fileID: 11500000, guid: ceb653cd98e289a4e8697a1af55201f2, type: 3}
  m_Name: event:/Special/Cartoon Telephone Babbling
  m_EditorClassIdentifier: 
  Path: event:/Special/Cartoon Telephone Babbling
  guid: e78cea93c4a23d4c8eb1d16c3e3e6d59
  Banks:
  - {fileID: 5210117903546219903}
  IsStream: 0
  Is3D: 1
  IsOneShot: 1
  Parameters: []
  MinDistance: 1
  MaxDistance: 20
  Length: 8415
--- !u!114 &3153679023020187984
MonoBehaviour:
  m_ObjectHideFlags: 0
  m_CorrespondingSourceObject: {fileID: 0}
  m_PrefabInstance: {fileID: 0}
  m_PrefabAsset: {fileID: 0}
  m_GameObject: {fileID: 0}
  m_Enabled: 1
  m_EditorHideFlags: 0
  m_Script: {fileID: 11500000, guid: ceb653cd98e289a4e8697a1af55201f2, type: 3}
  m_Name: event:/Interface/Short Confirmation Bleep
  m_EditorClassIdentifier: 
  Path: event:/Interface/Short Confirmation Bleep
  guid: a6f51ec4c6e2d24d93fadd321a2b7cc7
  Banks:
  - {fileID: 5210117903546219903}
  IsStream: 0
  Is3D: 1
  IsOneShot: 1
  Parameters: []
  MinDistance: 1
  MaxDistance: 20
  Length: 862
--- !u!114 &3299729015617707677
MonoBehaviour:
  m_ObjectHideFlags: 0
  m_CorrespondingSourceObject: {fileID: 0}
  m_PrefabInstance: {fileID: 0}
  m_PrefabAsset: {fileID: 0}
  m_GameObject: {fileID: 0}
  m_Enabled: 1
  m_EditorHideFlags: 0
  m_Script: {fileID: 11500000, guid: ceb653cd98e289a4e8697a1af55201f2, type: 3}
  m_Name: event:/Special/Fly By Icy Cold Danger
  m_EditorClassIdentifier: 
  Path: event:/Special/Fly By Icy Cold Danger
  guid: 5ce18f6141a75e4596c632bfb5915286
  Banks:
  - {fileID: 5210117903546219903}
  IsStream: 0
  Is3D: 1
  IsOneShot: 1
  Parameters: []
  MinDistance: 1
  MaxDistance: 20
  Length: 2511
--- !u!114 &3300351179422789001
MonoBehaviour:
  m_ObjectHideFlags: 0
  m_CorrespondingSourceObject: {fileID: 0}
  m_PrefabInstance: {fileID: 0}
  m_PrefabAsset: {fileID: 0}
  m_GameObject: {fileID: 0}
  m_Enabled: 1
  m_EditorHideFlags: 0
  m_Script: {fileID: 11500000, guid: ceb653cd98e289a4e8697a1af55201f2, type: 3}
  m_Name: event:/UI/Error
  m_EditorClassIdentifier: 
  Path: event:/UI/Error
  guid: 6bdc6c44813be84292adf920ed36353e
  Banks:
  - {fileID: 5210117903546219903}
  IsStream: 0
  Is3D: 1
  IsOneShot: 1
  Parameters: []
  MinDistance: 1
  MaxDistance: 20
  Length: 285
--- !u!114 &3326880608829841078
MonoBehaviour:
  m_ObjectHideFlags: 0
  m_CorrespondingSourceObject: {fileID: 0}
  m_PrefabInstance: {fileID: 0}
  m_PrefabAsset: {fileID: 0}
  m_GameObject: {fileID: 0}
  m_Enabled: 1
  m_EditorHideFlags: 0
  m_Script: {fileID: 11500000, guid: ceb653cd98e289a4e8697a1af55201f2, type: 3}
  m_Name: event:/Environment/Oil Shower SFX
  m_EditorClassIdentifier: 
  Path: event:/Environment/Oil Shower SFX
  guid: 35df30d8b9fc2c46a05d7cca8315cfcc
  Banks:
  - {fileID: 5210117903546219903}
  IsStream: 0
  Is3D: 1
  IsOneShot: 1
  Parameters: []
  MinDistance: 1
  MaxDistance: 20
  Length: 5906
--- !u!114 &3346755464262455809
MonoBehaviour:
  m_ObjectHideFlags: 0
  m_CorrespondingSourceObject: {fileID: 0}
  m_PrefabInstance: {fileID: 0}
  m_PrefabAsset: {fileID: 0}
  m_GameObject: {fileID: 0}
  m_Enabled: 1
  m_EditorHideFlags: 0
  m_Script: {fileID: 11500000, guid: ceb653cd98e289a4e8697a1af55201f2, type: 3}
  m_Name: event:/Environment/SciFi/Long Sci Fi Atmosphere Heavy,Opressive
  m_EditorClassIdentifier: 
  Path: event:/Environment/SciFi/Long Sci Fi Atmosphere Heavy,Opressive
  guid: 145d95b2127c9746817613c3300f0001
  Banks:
  - {fileID: 5210117903546219903}
  IsStream: 1
  Is3D: 1
  IsOneShot: 1
  Parameters: []
  MinDistance: 1
  MaxDistance: 20
  Length: 99840
--- !u!114 &3465710762188095676
MonoBehaviour:
  m_ObjectHideFlags: 0
  m_CorrespondingSourceObject: {fileID: 0}
  m_PrefabInstance: {fileID: 0}
  m_PrefabAsset: {fileID: 0}
  m_GameObject: {fileID: 0}
  m_Enabled: 1
  m_EditorHideFlags: 0
  m_Script: {fileID: 11500000, guid: ceb653cd98e289a4e8697a1af55201f2, type: 3}
  m_Name: event:/UI/Confirm
  m_EditorClassIdentifier: 
  Path: event:/UI/Confirm
  guid: 6144531e55320a4da2384c0b41318328
  Banks:
  - {fileID: 5210117903546219903}
  IsStream: 0
  Is3D: 1
  IsOneShot: 1
  Parameters: []
  MinDistance: 1
  MaxDistance: 20
  Length: 862
--- !u!114 &3720731478780674009
MonoBehaviour:
  m_ObjectHideFlags: 0
  m_CorrespondingSourceObject: {fileID: 0}
  m_PrefabInstance: {fileID: 0}
  m_PrefabAsset: {fileID: 0}
  m_GameObject: {fileID: 0}
  m_Enabled: 1
  m_EditorHideFlags: 0
  m_Script: {fileID: 11500000, guid: ceb653cd98e289a4e8697a1af55201f2, type: 3}
  m_Name: event:/Player/Grab
  m_EditorClassIdentifier: 
  Path: event:/Player/Grab
  guid: e39bee36cf9683438a8654186f2dd5a8
  Banks:
  - {fileID: 5210117903546219903}
  IsStream: 0
  Is3D: 1
  IsOneShot: 1
  Parameters: []
  MinDistance: 1
  MaxDistance: 20
  Length: 405
--- !u!114 &3781790292683319812
MonoBehaviour:
  m_ObjectHideFlags: 0
  m_CorrespondingSourceObject: {fileID: 0}
  m_PrefabInstance: {fileID: 0}
  m_PrefabAsset: {fileID: 0}
  m_GameObject: {fileID: 0}
  m_Enabled: 1
  m_EditorHideFlags: 0
  m_Script: {fileID: 11500000, guid: ceb653cd98e289a4e8697a1af55201f2, type: 3}
  m_Name: event:/UI/Accent,Interface,UI,Alert,Resonant,Waver Gain +0.0dB [87f1f7ad]
  m_EditorClassIdentifier: 
  Path: event:/UI/Accent,Interface,UI,Alert,Resonant,Waver Gain +0.0dB [87f1f7ad]
  guid: fcaeec0bf0abbe49a341cdb460c32743
  Banks:
  - {fileID: 5210117903546219903}
  IsStream: 0
  Is3D: 1
  IsOneShot: 1
  Parameters: []
  MinDistance: 1
  MaxDistance: 20
  Length: 912
--- !u!114 &3934318099716009377
MonoBehaviour:
  m_ObjectHideFlags: 0
  m_CorrespondingSourceObject: {fileID: 0}
  m_PrefabInstance: {fileID: 0}
  m_PrefabAsset: {fileID: 0}
  m_GameObject: {fileID: 0}
  m_Enabled: 1
  m_EditorHideFlags: 0
  m_Script: {fileID: 11500000, guid: ceb653cd98e289a4e8697a1af55201f2, type: 3}
  m_Name: event:/Player/Hands/Gun/Gun Hit 2
  m_EditorClassIdentifier: 
  Path: event:/Player/Hands/Gun/Gun Hit 2
  guid: 26135a64c6c61540b0d7763cb2740faa
  Banks:
  - {fileID: 5210117903546219903}
  IsStream: 0
  Is3D: 1
  IsOneShot: 1
  Parameters: []
  MinDistance: 1
  MaxDistance: 20
  Length: 360
--- !u!114 &4080504797297914551
MonoBehaviour:
  m_ObjectHideFlags: 0
  m_CorrespondingSourceObject: {fileID: 0}
  m_PrefabInstance: {fileID: 0}
  m_PrefabAsset: {fileID: 0}
  m_GameObject: {fileID: 0}
  m_Enabled: 1
  m_EditorHideFlags: 0
  m_Script: {fileID: 11500000, guid: ceb653cd98e289a4e8697a1af55201f2, type: 3}
  m_Name: event:/Robot/Voice Lines/Why Do I Even Hate Humans
  m_EditorClassIdentifier: 
  Path: event:/Robot/Voice Lines/Why Do I Even Hate Humans
  guid: ee00c514cbf0aa49b9a36f95a6445d95
  Banks:
  - {fileID: 5210117903546219903}
  IsStream: 0
  Is3D: 1
  IsOneShot: 1
  Parameters: []
  MinDistance: 1
  MaxDistance: 20
  Length: 2355
--- !u!114 &4224434891183207593
MonoBehaviour:
  m_ObjectHideFlags: 0
  m_CorrespondingSourceObject: {fileID: 0}
  m_PrefabInstance: {fileID: 0}
  m_PrefabAsset: {fileID: 0}
  m_GameObject: {fileID: 0}
  m_Enabled: 1
  m_EditorHideFlags: 0
  m_Script: {fileID: 11500000, guid: ceb653cd98e289a4e8697a1af55201f2, type: 3}
  m_Name: event:/Music/Hard Boiled
  m_EditorClassIdentifier: 
  Path: event:/Music/Hard Boiled
  guid: 61a2043dca19ba4aa38326a202b70573
  Banks:
  - {fileID: 5210117903546219903}
  IsStream: 1
  Is3D: 1
  IsOneShot: 0
  Parameters: []
  MinDistance: 1
  MaxDistance: 20
  Length: 181028
--- !u!114 &4292248983158872026
MonoBehaviour:
  m_ObjectHideFlags: 0
  m_CorrespondingSourceObject: {fileID: 0}
  m_PrefabInstance: {fileID: 0}
  m_PrefabAsset: {fileID: 0}
  m_GameObject: {fileID: 0}
  m_Enabled: 1
  m_EditorHideFlags: 0
  m_Script: {fileID: 11500000, guid: ceb653cd98e289a4e8697a1af55201f2, type: 3}
  m_Name: event:/Player/Hands/Camera/Throw
  m_EditorClassIdentifier: 
  Path: event:/Player/Hands/Camera/Throw
  guid: 20c4193ca519544b8b8d0ed9ffb59af7
  Banks:
  - {fileID: 5210117903546219903}
  IsStream: 0
  Is3D: 1
  IsOneShot: 1
  Parameters: []
  MinDistance: 1
  MaxDistance: 20
  Length: 240
--- !u!114 &4435185063871595044
MonoBehaviour:
  m_ObjectHideFlags: 0
  m_CorrespondingSourceObject: {fileID: 0}
  m_PrefabInstance: {fileID: 0}
  m_PrefabAsset: {fileID: 0}
  m_GameObject: {fileID: 0}
  m_Enabled: 1
  m_EditorHideFlags: 0
  m_Script: {fileID: 11500000, guid: ceb653cd98e289a4e8697a1af55201f2, type: 3}
  m_Name: event:/Player/Hands/Duck/Duck 2D
  m_EditorClassIdentifier: 
  Path: event:/Player/Hands/Duck/Duck 2D
  guid: dc39f366769d4443ae2d33e74a40c7da
  Banks:
  - {fileID: 5210117903546219903}
  IsStream: 0
  Is3D: 0
  IsOneShot: 1
  Parameters: []
  MinDistance: 0
  MaxDistance: 0
  Length: 200
--- !u!114 &4695958275036619767
MonoBehaviour:
  m_ObjectHideFlags: 0
  m_CorrespondingSourceObject: {fileID: 0}
  m_PrefabInstance: {fileID: 0}
  m_PrefabAsset: {fileID: 0}
  m_GameObject: {fileID: 0}
  m_Enabled: 1
  m_EditorHideFlags: 0
  m_Script: {fileID: 11500000, guid: ceb653cd98e289a4e8697a1af55201f2, type: 3}
  m_Name: event:/Environment/Hit
  m_EditorClassIdentifier: 
  Path: event:/Environment/Hit
  guid: 08a0c3a92a3a9d41bd83e2845e836093
  Banks:
  - {fileID: 5210117903546219903}
  IsStream: 0
  Is3D: 1
  IsOneShot: 1
  Parameters: []
  MinDistance: 1
  MaxDistance: 20
  Length: 15500
--- !u!114 &4698572077397753411
MonoBehaviour:
  m_ObjectHideFlags: 0
  m_CorrespondingSourceObject: {fileID: 0}
  m_PrefabInstance: {fileID: 0}
  m_PrefabAsset: {fileID: 0}
  m_GameObject: {fileID: 0}
  m_Enabled: 1
  m_EditorHideFlags: 0
  m_Script: {fileID: 11500000, guid: ceb653cd98e289a4e8697a1af55201f2, type: 3}
  m_Name: event:/Player/Take Damage
  m_EditorClassIdentifier: 
  Path: event:/Player/Take Damage
  guid: dce4791695dda34c9739a4f16e6a39d9
  Banks:
  - {fileID: 5210117903546219903}
  IsStream: 0
  Is3D: 0
  IsOneShot: 1
  Parameters: []
  MinDistance: 0
  MaxDistance: 0
  Length: 600
--- !u!114 &4721694819622824086
MonoBehaviour:
  m_ObjectHideFlags: 0
  m_CorrespondingSourceObject: {fileID: 0}
  m_PrefabInstance: {fileID: 0}
  m_PrefabAsset: {fileID: 0}
  m_GameObject: {fileID: 0}
  m_Enabled: 1
  m_EditorHideFlags: 0
  m_Script: {fileID: 11500000, guid: ceb653cd98e289a4e8697a1af55201f2, type: 3}
  m_Name: event:/Bot/Retreat
  m_EditorClassIdentifier: 
  Path: event:/Bot/Retreat
  guid: 61fbd21deaf68b4f80c67524abe3fd0b
  Banks:
  - {fileID: 5210117903546219903}
  IsStream: 0
  Is3D: 1
  IsOneShot: 1
  Parameters: []
  MinDistance: 1
  MaxDistance: 20
  Length: 2600
--- !u!114 &5006366425765638644
MonoBehaviour:
  m_ObjectHideFlags: 0
  m_CorrespondingSourceObject: {fileID: 0}
  m_PrefabInstance: {fileID: 0}
  m_PrefabAsset: {fileID: 0}
  m_GameObject: {fileID: 0}
  m_Enabled: 1
  m_EditorHideFlags: 0
  m_Script: {fileID: 11500000, guid: ceb653cd98e289a4e8697a1af55201f2, type: 3}
  m_Name: event:/Robot/Voice Lines/Grab Some Java
  m_EditorClassIdentifier: 
  Path: event:/Robot/Voice Lines/Grab Some Java
  guid: 0917beb00830e24daa8baeb542eb5b5a
  Banks:
  - {fileID: 5210117903546219903}
  IsStream: 0
  Is3D: 1
  IsOneShot: 1
  Parameters: []
  MinDistance: 1
  MaxDistance: 20
  Length: 1764
--- !u!114 &5210117903546219903
MonoBehaviour:
  m_ObjectHideFlags: 0
  m_CorrespondingSourceObject: {fileID: 0}
  m_PrefabInstance: {fileID: 0}
  m_PrefabAsset: {fileID: 0}
  m_GameObject: {fileID: 0}
  m_Enabled: 1
  m_EditorHideFlags: 0
  m_Script: {fileID: 11500000, guid: c18180ecb35941f4682ae60107b85b7c, type: 3}
  m_Name: bank:/Master.bank
  m_EditorClassIdentifier: 
  Path: Assets/Handjob/FMOD/bank/Build/Desktop/Master.bank
  SubDir: 
  lastModified: 637253320224573073
  LoadResult: 0
  FileSizes: []
  Exists: 1
--- !u!114 &5876394856614286355
MonoBehaviour:
  m_ObjectHideFlags: 0
  m_CorrespondingSourceObject: {fileID: 0}
  m_PrefabInstance: {fileID: 0}
  m_PrefabAsset: {fileID: 0}
  m_GameObject: {fileID: 0}
  m_Enabled: 1
  m_EditorHideFlags: 0
  m_Script: {fileID: 11500000, guid: ceb653cd98e289a4e8697a1af55201f2, type: 3}
  m_Name: event:/Music/Apero Hour
  m_EditorClassIdentifier: 
  Path: event:/Music/Apero Hour
  guid: 8b1d4d8973d03146a94dcd159bf2f2f7
  Banks:
  - {fileID: 5210117903546219903}
  IsStream: 1
  Is3D: 1
  IsOneShot: 0
  Parameters: []
  MinDistance: 1
  MaxDistance: 20
  Length: 283036
--- !u!114 &6419730993076875436
MonoBehaviour:
  m_ObjectHideFlags: 0
  m_CorrespondingSourceObject: {fileID: 0}
  m_PrefabInstance: {fileID: 0}
  m_PrefabAsset: {fileID: 0}
  m_GameObject: {fileID: 0}
  m_Enabled: 1
  m_EditorHideFlags: 0
  m_Script: {fileID: 11500000, guid: ceb653cd98e289a4e8697a1af55201f2, type: 3}
  m_Name: event:/Robot/Voice Lines/I am laughing by the way
  m_EditorClassIdentifier: 
  Path: event:/Robot/Voice Lines/I am laughing by the way
  guid: 8f2ca5aecdefb14f9722c8bca8224a09
  Banks:
  - {fileID: 5210117903546219903}
  IsStream: 0
  Is3D: 1
  IsOneShot: 1
  Parameters: []
  MinDistance: 1
  MaxDistance: 20
  Length: 7706
--- !u!114 &6431826412699029630
MonoBehaviour:
  m_ObjectHideFlags: 0
  m_CorrespondingSourceObject: {fileID: 0}
  m_PrefabInstance: {fileID: 0}
  m_PrefabAsset: {fileID: 0}
  m_GameObject: {fileID: 0}
  m_Enabled: 1
  m_EditorHideFlags: 0
  m_Script: {fileID: 11500000, guid: ceb653cd98e289a4e8697a1af55201f2, type: 3}
  m_Name: event:/UI/Accent,Interface,UI,Alert,Clean,Metallic,Double,Fast Gain +0.0dB
    [8c144cc5]
  m_EditorClassIdentifier: 
  Path: event:/UI/Accent,Interface,UI,Alert,Clean,Metallic,Double,Fast Gain +0.0dB
    [8c144cc5]
  guid: 2e8b68f67a52f84699a2b95de420ae10
  Banks:
  - {fileID: 5210117903546219903}
  IsStream: 0
  Is3D: 1
  IsOneShot: 1
  Parameters: []
  MinDistance: 1
  MaxDistance: 20
  Length: 800
--- !u!114 &6443214782717246307
MonoBehaviour:
  m_ObjectHideFlags: 0
  m_CorrespondingSourceObject: {fileID: 0}
  m_PrefabInstance: {fileID: 0}
  m_PrefabAsset: {fileID: 0}
  m_GameObject: {fileID: 0}
  m_Enabled: 1
  m_EditorHideFlags: 0
  m_Script: {fileID: 11500000, guid: ceb653cd98e289a4e8697a1af55201f2, type: 3}
  m_Name: event:/Interface/UI Countdown Click
  m_EditorClassIdentifier: 
  Path: event:/Interface/UI Countdown Click
  guid: b2ac43d1a39ada4792a5fbdaae805520
  Banks:
  - {fileID: 5210117903546219903}
  IsStream: 0
  Is3D: 0
  IsOneShot: 1
  Parameters: []
  MinDistance: 0
  MaxDistance: 0
  Length: 265
--- !u!114 &6598460470152825504
MonoBehaviour:
  m_ObjectHideFlags: 0
  m_CorrespondingSourceObject: {fileID: 0}
  m_PrefabInstance: {fileID: 0}
  m_PrefabAsset: {fileID: 0}
  m_GameObject: {fileID: 0}
  m_Enabled: 1
  m_EditorHideFlags: 0
  m_Script: {fileID: 11500000, guid: ceb653cd98e289a4e8697a1af55201f2, type: 3}
  m_Name: event:/Bot/Bot Roll
  m_EditorClassIdentifier: 
  Path: event:/Bot/Bot Roll
  guid: f42e98bec24d374b96ef525f546e30ec
  Banks:
  - {fileID: 5210117903546219903}
  IsStream: 0
  Is3D: 1
  IsOneShot: 1
  Parameters: []
  MinDistance: 1
  MaxDistance: 20
  Length: 5000
--- !u!114 &6789809782924966438
MonoBehaviour:
  m_ObjectHideFlags: 0
  m_CorrespondingSourceObject: {fileID: 0}
  m_PrefabInstance: {fileID: 0}
  m_PrefabAsset: {fileID: 0}
  m_GameObject: {fileID: 0}
  m_Enabled: 1
  m_EditorHideFlags: 0
  m_Script: {fileID: 11500000, guid: ceb653cd98e289a4e8697a1af55201f2, type: 3}
  m_Name: event:/Environment/Vending Machine
  m_EditorClassIdentifier: 
  Path: event:/Environment/Vending Machine
  guid: e85938e9baebb14387c7df2fc91c3b85
  Banks:
  - {fileID: 5210117903546219903}
  IsStream: 1
  Is3D: 1
  IsOneShot: 0
  Parameters: []
  MinDistance: 1
  MaxDistance: 20
  Length: 19398
--- !u!114 &6973502878714437515
MonoBehaviour:
  m_ObjectHideFlags: 0
  m_CorrespondingSourceObject: {fileID: 0}
  m_PrefabInstance: {fileID: 0}
  m_PrefabAsset: {fileID: 0}
  m_GameObject: {fileID: 0}
  m_Enabled: 1
  m_EditorHideFlags: 0
  m_Script: {fileID: 11500000, guid: ceb653cd98e289a4e8697a1af55201f2, type: 3}
  m_Name: event:/Player/Hands/Camera/Camera Switch IN
  m_EditorClassIdentifier: 
  Path: event:/Player/Hands/Camera/Camera Switch IN
  guid: 9c5840d934b8cb4cb67459ea21105417
  Banks:
  - {fileID: 5210117903546219903}
  IsStream: 0
  Is3D: 0
  IsOneShot: 1
  Parameters: []
  MinDistance: 0
  MaxDistance: 0
  Length: 460
--- !u!114 &7303519249508139536
MonoBehaviour:
  m_ObjectHideFlags: 0
  m_CorrespondingSourceObject: {fileID: 0}
  m_PrefabInstance: {fileID: 0}
  m_PrefabAsset: {fileID: 0}
  m_GameObject: {fileID: 0}
  m_Enabled: 1
  m_EditorHideFlags: 0
  m_Script: {fileID: 11500000, guid: ceb653cd98e289a4e8697a1af55201f2, type: 3}
  m_Name: event:/Player/Hands/Gun/Recall
  m_EditorClassIdentifier: 
  Path: event:/Player/Hands/Gun/Recall
  guid: fac5e9728565904a8a4a35ab302eee75
  Banks:
  - {fileID: 5210117903546219903}
  IsStream: 0
  Is3D: 1
  IsOneShot: 1
  Parameters: []
  MinDistance: 1
  MaxDistance: 20
  Length: 1755
--- !u!114 &7544990870587763687
MonoBehaviour:
  m_ObjectHideFlags: 0
  m_CorrespondingSourceObject: {fileID: 0}
  m_PrefabInstance: {fileID: 0}
  m_PrefabAsset: {fileID: 0}
  m_GameObject: {fileID: 0}
  m_Enabled: 1
  m_EditorHideFlags: 0
  m_Script: {fileID: 11500000, guid: ceb653cd98e289a4e8697a1af55201f2, type: 3}
  m_Name: event:/Player/Grab 2D
  m_EditorClassIdentifier: 
  Path: event:/Player/Grab 2D
  guid: a5d62bae64de1447b94bbd5b87de7521
  Banks:
  - {fileID: 5210117903546219903}
  IsStream: 0
  Is3D: 0
  IsOneShot: 1
  Parameters: []
  MinDistance: 0
  MaxDistance: 0
  Length: 546
--- !u!114 &8079930152257360237
MonoBehaviour:
  m_ObjectHideFlags: 0
  m_CorrespondingSourceObject: {fileID: 0}
  m_PrefabInstance: {fileID: 0}
  m_PrefabAsset: {fileID: 0}
  m_GameObject: {fileID: 0}
  m_Enabled: 1
  m_EditorHideFlags: 0
  m_Script: {fileID: 11500000, guid: ceb653cd98e289a4e8697a1af55201f2, type: 3}
  m_Name: event:/Player/Teleport 3D
  m_EditorClassIdentifier: 
  Path: event:/Player/Teleport 3D
  guid: d641e54aa482a4459ce017d96c2e2b03
  Banks:
  - {fileID: 5210117903546219903}
  IsStream: 0
  Is3D: 1
  IsOneShot: 1
  Parameters: []
  MinDistance: 1
  MaxDistance: 20
  Length: 850
--- !u!114 &8187045284128977145
MonoBehaviour:
  m_ObjectHideFlags: 0
  m_CorrespondingSourceObject: {fileID: 0}
  m_PrefabInstance: {fileID: 0}
  m_PrefabAsset: {fileID: 0}
  m_GameObject: {fileID: 0}
  m_Enabled: 1
  m_EditorHideFlags: 0
  m_Script: {fileID: 11500000, guid: ceb653cd98e289a4e8697a1af55201f2, type: 3}
  m_Name: event:/Environment/SciFi/SpaceShip Descent
  m_EditorClassIdentifier: 
  Path: event:/Environment/SciFi/SpaceShip Descent
  guid: e1c2979d45032b4b9d33615bf3523280
  Banks:
  - {fileID: 5210117903546219903}
  IsStream: 0
  Is3D: 1
  IsOneShot: 1
  Parameters: []
  MinDistance: 1
  MaxDistance: 20
  Length: 9263
--- !u!114 &8353466374614765201
MonoBehaviour:
  m_ObjectHideFlags: 0
  m_CorrespondingSourceObject: {fileID: 0}
  m_PrefabInstance: {fileID: 0}
  m_PrefabAsset: {fileID: 0}
  m_GameObject: {fileID: 0}
  m_Enabled: 1
  m_EditorHideFlags: 0
  m_Script: {fileID: 11500000, guid: ceb653cd98e289a4e8697a1af55201f2, type: 3}
  m_Name: event:/Player/Teleport 2D
  m_EditorClassIdentifier: 
  Path: event:/Player/Teleport 2D
  guid: 9a0383e70e4cd64db5c64a349446385a
  Banks:
  - {fileID: 5210117903546219903}
  IsStream: 0
  Is3D: 0
  IsOneShot: 1
  Parameters: []
  MinDistance: 0
  MaxDistance: 0
  Length: 850
--- !u!114 &8353939019260348599
MonoBehaviour:
  m_ObjectHideFlags: 0
  m_CorrespondingSourceObject: {fileID: 0}
  m_PrefabInstance: {fileID: 0}
  m_PrefabAsset: {fileID: 0}
  m_GameObject: {fileID: 0}
  m_Enabled: 1
  m_EditorHideFlags: 0
  m_Script: {fileID: 11500000, guid: c18180ecb35941f4682ae60107b85b7c, type: 3}
  m_Name: bank:/Master.strings.bank
  m_EditorClassIdentifier: 
  Path: Assets/Handjob/FMOD/bank/Build/Desktop/Master.strings.bank
  SubDir: 
  lastModified: 637253320224593020
  LoadResult: 0
  FileSizes:
  - Name: Desktop
    Value: 3854
  Exists: 1
--- !u!114 &8357252636355260263
MonoBehaviour:
  m_ObjectHideFlags: 0
  m_CorrespondingSourceObject: {fileID: 0}
  m_PrefabInstance: {fileID: 0}
  m_PrefabAsset: {fileID: 0}
  m_GameObject: {fileID: 0}
  m_Enabled: 1
  m_EditorHideFlags: 0
  m_Script: {fileID: 11500000, guid: ceb653cd98e289a4e8697a1af55201f2, type: 3}
  m_Name: event:/Music/Semi-Funk
  m_EditorClassIdentifier: 
  Path: event:/Music/Semi-Funk
  guid: ffbc0e9899c8f04e8f8703ba117790ef
  Banks:
  - {fileID: 5210117903546219903}
  IsStream: 1
  Is3D: 1
  IsOneShot: 1
  Parameters: []
  MinDistance: 1
  MaxDistance: 45
  Length: 128052
--- !u!114 &9044042723019112319
MonoBehaviour:
  m_ObjectHideFlags: 0
  m_CorrespondingSourceObject: {fileID: 0}
  m_PrefabInstance: {fileID: 0}
  m_PrefabAsset: {fileID: 0}
  m_GameObject: {fileID: 0}
  m_Enabled: 1
  m_EditorHideFlags: 0
  m_Script: {fileID: 11500000, guid: ceb653cd98e289a4e8697a1af55201f2, type: 3}
  m_Name: event:/Environment/Throw
  m_EditorClassIdentifier: 
  Path: event:/Environment/Throw
  guid: f30efc5a1b557f4688d97e0cf8949180
  Banks:
  - {fileID: 5210117903546219903}
  IsStream: 0
  Is3D: 1
  IsOneShot: 1
  Parameters: []
  MinDistance: 1
  MaxDistance: 20
  Length: 690
